<record><leader>00000cas a2200000 a 4500</leader><controlfield tag="001">34773257</controlfield><controlfield tag="006">m     o  d        </controlfield><controlfield tag="007">cr cn|||||||||</controlfield><controlfield tag="008">960522c19959999nbudn n o    s0    0eng d</controlfield><datafield ind1=" " ind2=" " tag="010"><subfield code="a">sn 96080310 </subfield></datafield><datafield ind1=" " ind2=" " tag="040"><subfield code="a">NVG</subfield><subfield code="b">eng</subfield><subfield code="c">NVG</subfield><subfield code="d">OCL</subfield><subfield code="d">OCLCQ</subfield><subfield code="d">OCLCF</subfield><subfield code="d">OCLCO</subfield><subfield code="d">TEF</subfield></datafield><datafield ind1=" " ind2=" " tag="037"><subfield code="a">E5B9125C-BCE5-4567-BDA2-182E6298B45C</subfield><subfield code="b">OverDrive, Inc.</subfield><subfield code="n">http://www.overdrive.com</subfield></datafield><datafield ind1=" " ind2=" " tag="042"><subfield code="a">msc</subfield></datafield><datafield ind1=" " ind2=" " tag="043"><subfield code="a">n-us-nb</subfield></datafield><datafield ind1=" " ind2="4" tag="050"><subfield code="a">LH1.U558</subfield></datafield><datafield ind1="0" ind2="4" tag="082"><subfield code="a">378.782/293</subfield><subfield code="2">23</subfield></datafield><datafield ind1=" " ind2=" " tag="086"><subfield code="a">U0860P001</subfield><subfield code="2">nbdocs</subfield></datafield><datafield ind1="0" ind2=" " tag="130"><subfield code="a">Daily Nebraskan (Online)</subfield></datafield><datafield ind1="1" ind2="0" tag="245"><subfield code="a">Daily Nebraskan</subfield><subfield code="h">[electronic resource].</subfield></datafield><datafield ind1="1" ind2="3" tag="246"><subfield code="a">Daily Nebraskan online</subfield></datafield><datafield ind1="3" ind2=" " tag="246"><subfield code="a">Daily Nebraskan home page</subfield></datafield><datafield ind1=" " ind2=" " tag="260"><subfield code="a">[Lincoln, Neb. :</subfield><subfield code="b">UNL Publications Board]</subfield></datafield><datafield ind1=" " ind2=" " tag="310"><subfield code="a">Daily (during the academic year except Sat. and Sun.)</subfield></datafield><datafield ind1="1" ind2=" " tag="362"><subfield code="a">Began in Nov. 1995.</subfield></datafield><datafield ind1=" " ind2=" " tag="500"><subfield code="a">Header on text-based browser: Daily Nebraskan home page. Title does not show.</subfield></datafield><datafield ind1=" " ind2=" " tag="500"><subfield code="a">Stories from previous issues available through the news archive.</subfield></datafield><datafield ind1=" " ind2=" " tag="588"><subfield code="a">Description based on: Nov. 1, 1995; title from title screen.</subfield></datafield><datafield ind1="2" ind2="0" tag="610"><subfield code="a">University of Nebraska--Lincoln</subfield><subfield code="v">Newspapers.</subfield></datafield><datafield ind1="2" ind2="7" tag="610"><subfield code="a">University of Nebraska--Lincoln.</subfield><subfield code="2">fast</subfield><subfield code="0">(OCoLC)fst00531028</subfield></datafield><datafield ind1=" " ind2="7" tag="655"><subfield code="a">Newspapers.</subfield><subfield code="2">fast</subfield><subfield code="0">(OCoLC)fst01423814</subfield></datafield><datafield ind1=" " ind2="4" tag="655"><subfield code="a">Electronic journals.</subfield></datafield><datafield ind1="2" ind2=" " tag="710"><subfield code="a">University of Nebraska--Lincoln.</subfield><subfield code="b">Publications Board.</subfield></datafield><datafield ind1=" " ind2=" " tag="752"><subfield code="a">United States</subfield><subfield code="b">Nebraska</subfield><subfield code="c">Lancaster</subfield><subfield code="d">Lincoln.</subfield></datafield><datafield ind1="0" ind2="8" tag="776"><subfield code="i">Print version:</subfield><subfield code="t">Daily Nebraskan</subfield><subfield code="w">(DLC)sn 96080312</subfield><subfield code="w">(OCoLC)25292873</subfield></datafield><datafield ind1="4" ind2="0" tag="856"><subfield code="u">http://www.unl.edu/DailyNeb/</subfield></datafield><datafield ind1="4" ind2="0" tag="856"><subfield code="3">OverDrive</subfield><subfield code="u">https://www.overdrive.com/search?q=E5B9125C-BCE5-4567-BDA2-182E6298B45C</subfield></datafield><datafield ind1="4" ind2=" " tag="856"><subfield code="3">Image</subfield><subfield code="u">http://images.cdn.overdrive.com/ImageType-100/6048-1/{E5B9125C-BCE5-4567-BDA2-182E6298B45C}Img100.jpg</subfield></datafield><datafield ind1="1" ind2=" " tag="029"><subfield code="a">OCLCS</subfield><subfield code="b">27298</subfield></datafield><datafield ind1="1" ind2=" " tag="029"><subfield code="a">AU@</subfield><subfield code="b">000012500947</subfield></datafield><datafield ind1="1" ind2=" " tag="029"><subfield code="a">NZ1</subfield><subfield code="b">12143489</subfield></datafield><datafield ind1="1" ind2=" " tag="029"><subfield code="a">NZ1</subfield><subfield code="b">13113423</subfield></datafield><datafield ind1="1" ind2=" " tag="029"><subfield code="a">NZ1</subfield><subfield code="b">14556232</subfield></datafield><datafield ind1="1" ind2=" " tag="029"><subfield code="a">NZ1</subfield><subfield code="b">14857711</subfield></datafield></record>